Transaction Date,Description,Debit,Credit,Balance
2024-01-15,GROCERY STORE PURCHASE,150.00,,1350.00
2024-01-16,PAYROLL DEPOSIT,,3500.00,4850.00
2024-01-17,GAS STATION,45.99,,4804.01
2024-01-18,INTEREST EARNED,,2.50,4806.51
2024-01-19,ELECTRIC COMPANY,125.00,,4681.51
2024-01-20,ATM WITHDRAWAL,100.00,,4581.51
2024-01-21,RESTAURANT CHARGE,89.50,,4492.01
2024-01-22,FREELANCE PAYMENT,,750.00,5242.01
2024-01-23,COFFEE SHOP,5.50,,5236.51
2024-01-24,DIVIDEND PAYMENT,,45.75,5282.26
